%% This BibTeX bibliography file was created using BibDesk.
%% http://bibdesk.sourceforge.net/

%% Created for Sudara Fernando at 2018-11-03 13:22:50 +1300


%% Saved with string encoding Unicode (UTF-8)

@article{scikit-learn,
 title={Scikit-learn: Machine Learning in {P}ython},
 author={Pedregosa, F. and Varoquaux, G. and Gramfort, A. and Michel, V.
         and Thirion, B. and Grisel, O. and Blondel, M. and Prettenhofer, P.
         and Weiss, R. and Dubourg, V. and Vanderplas, J. and Passos, A. and
         Cournapeau, D. and Brucher, M. and Perrot, M. and Duchesnay, E.},
 journal={Journal of Machine Learning Research},
 volume={12},
 pages={2825--2830},
 year={2011}
}

@url{ibm-jikes,
	Author = {IBM},
	Date-Added = {2018-11-03 13:21:36 +1300},
	Date-Modified = {2018-11-03 17:48:11 +1300},
	Lastchecked = {2018-09-22},
	Title = {IBM Jikes Java compiler framework},
  Url = {http://jikes.sourceforge.net}
	Urldate = {2018-09-22}}

  @url{java-lang,
  	Author = {Chris Thunes},
  	Date-Added = {2018-05-21 10:34:45 +1300},
  	Date-Modified = {2018-08-22 22:15:19 +1300},
  	Lastchecked = {2018-10-12},
  	Title = {Pure Python Java parser},
    Url = {https://github.com/c2nes/javalang}
  	Urldate = {2018-10-12}}

@article{BADROS2000159,
	Author = {Greg J Badros},
	Doi = {https://doi.org/10.1016/S1389-1286(00)00037-2},
	Issn = {1389-1286},
	Journal = {Computer Networks},
	Keywords = {Java, XML, Abstract syntax tree representation, Software-engineering analysis, Jikes compiler},
	Number = {1},
	Pages = {159 - 177},
	Title = {JavaML: a markup language for Java source code},
	Url = {http://www.sciencedirect.com/science/article/pii/S1389128600000372},
	Volume = {33},
	Year = {2000},
	Bdsk-Url-1 = {http://www.sciencedirect.com/science/article/pii/S1389128600000372},
	Bdsk-Url-2 = {https://doi.org/10.1016/S1389-1286(00)00037-2}}

@book{book_1,
	Author = {Gareth James and Daniela Witten and Trevor Hastie and Robert Tibshirani},
	Date-Added = {2018-11-01 09:09:55 +1300},
	Date-Modified = {2018-11-01 09:15:30 +1300},
	Number = {DOI 10.1007/978-1-4614-7138-7},
	Publisher = {Springer},
	Series = {Springer Texts in Statistics},
	Title = {An Introduction to Statistical Learning with Applications in R},
	Year = {2017}}

@inproceedings{5557448,
	Author = {Z. Faguo and Z. Fan and Y. Bingru and Y. Xingang},
	Booktitle = {2010 Third International Symposium on Electronic Commerce and Security},
	Doi = {10.1109/ISECS.2010.9},
	Keywords = {feature extraction;knowledge acquisition;pattern classification;statistics;text analysis;short text classification algorithm;feature extraction methods;statistics-based short text classification;rule-based short text classification;recall rate;Classification algorithms;Text categorization;Feature extraction;Training;Support vector machine classification;Algorithm design and analysis;Probability;short text;short text classification;feature extraction;statistics;rules},
	Month = {July},
	Pages = {3-7},
	Title = {Research on Short Text Classification Algorithm Based on Statistics and Rules},
	Year = {2010},
	Bdsk-Url-1 = {https://doi.org/10.1109/ISECS.2010.9}}

@inproceedings{4368002,
	Author = {H. Isahara},
	Booktitle = {2007 International Conference on Natural Language Processing and Knowledge Engineering},
	Doi = {10.1109/NLPKE.2007.4368002},
	Keywords = {computational linguistics;information retrieval;natural language processing;natural language processing;rule-based methodology;grammar rules;dictionary entries;corpus-based;statistical systems;linguistic resources;quality language analyzer;linguistic information extraction;knowledge processing;machine translation;information retrieval;Natural language processing;Computational linguistics;Humans;Dictionaries;Large-scale systems;Software tools;Communications technology;Information analysis;Data mining;Research and development},
	Month = {Aug},
	Pages = {11-12},
	Title = {Resource-based Natural Language Processing},
	Year = {2007},
	Bdsk-Url-1 = {https://doi.org/10.1109/NLPKE.2007.4368002}}

  @INPROCEEDINGS{4023995,
author={R. Koschke and R. Falke and P. Frenzel},
booktitle={2006 13th Working Conference on Reverse Engineering},
title={Clone Detection Using Abstract Syntax Suffix Trees},
year={2006},
volume={},
number={},
pages={253-262},
keywords={abstract data types;programming language semantics;software maintenance;software reusability;trees (mathematics);clone detection;abstract syntax suffix trees;software reusability;software development;software maintenance;redundant code;software clones;syntactic units;syntactic clones;Bellon benchmark;Cloning;Detectors;Programming profession;Concrete;Redundancy;Abstracts;Encoding;Software maintenance;Monitoring;Filters},
doi={10.1109/WCRE.2006.18},
ISSN={1095-1350},
month={Oct},}

@INPROCEEDINGS{1527337,
author={Xiang-Wei Liu and Pi-Lian He and Hui-Ying Wang},
booktitle={2005 International Conference on Machine Learning and Cybernetics},
title={The research of text clustering algorithms based on frequent term sets},
year={2005},
volume={4},
number={},
pages={2352-2356 Vol. 4},
keywords={data mining;text analysis;pattern clustering;text clustering algorithm;frequent term set-based hierarchical clustering algorithm;K-Means algorithm;Clustering algorithms;Feature extraction;Computer science;Partitioning algorithms;Helium;Web mining;Text mining;Clustering methods;Tagging;Frequency;Text cluster;Web mining;frequent term set-based clustering},
doi={10.1109/ICMLC.2005.1527337},
ISSN={2160-133X},
month={Aug},}

@INPROCEEDINGS{5659055,
author={Q. Li and X. Huang},
booktitle={2010 2nd International Workshop on Database Technology and Applications},
title={Research on Text Clustering Algorithms},
year={2010},
volume={},
number={},
pages={1-3},
keywords={pattern clustering;query processing;search engines;text analysis;text clustering algorithm;Web document;Web search engine;hierarchical clustering algorithms;density based clustering;prototype based clustering;K-medoids;DBSCAN;Clustering algorithms;Algorithm design and analysis;Classification algorithms;Partitioning algorithms;Films;Noise;Forestry},
doi={10.1109/DBTA.2010.5659055},
ISSN={2167-1923},
month={Nov},}

@INPROCEEDINGS{5635068,
author={Z. Yuhang and W. Yue and Y. Wei},
booktitle={2010 International Forum on Information Technology and Applications},
title={Research on Data Cleaning in Text Clustering},
year={2010},
volume={1},
number={},
pages={305-307},
keywords={pattern classification;pattern clustering;text analysis;word processing;data cleaning;text clustering;word filtering;word frequency;C-means algorithm;Dispersion;Cleaning;Filtering;Mathematical model;Equations;Vocabulary;Clustering algorithms;text clustering;data cleaning;weighting;word frequency},
doi={10.1109/IFITA.2010.73},
ISSN={},
month={July},}

@INPROCEEDINGS{6272740,
author={P. Han and S. Shen and D. Wang and Y. Liu},
booktitle={2012 IEEE International Conference on Computer Science and Automation Engineering (CSAE)},
title={The influence of word normalization in English document clustering},
year={2012},
volume={2},
number={},
pages={116-120},
keywords={document handling;natural language processing;pattern clustering;word processing;word normalization;English document clustering;lemmatization method;stemming method;English document processing;evaluation functions;Snowball stemmer;Stanford lemmatization;Porter stemmer;Clustering algorithms;Entropy;Classification algorithms;Dictionaries;Partitioning algorithms;Educational institutions;stemming;lemmatization;document clustering},
doi={10.1109/CSAE.2012.6272740},
ISSN={},
month={May},}
